<record><leader>00000cas a2200000 a 4500</leader><controlfield tag="001">11242667</controlfield><controlfield tag="008">841009d19191948ksuwr ne      0   a0eng d</controlfield><datafield ind1=" " ind2=" " tag="010"><subfield code="a">sn 84029812 </subfield></datafield><datafield ind1=" " ind2=" " tag="040"><subfield code="a">KSH</subfield><subfield code="b">eng</subfield><subfield code="c">KSH</subfield><subfield code="d">NPT</subfield><subfield code="d">OBN</subfield><subfield code="d">OCL</subfield><subfield code="d">OCLCQ</subfield><subfield code="d">OCLCF</subfield><subfield code="d">OCLCO</subfield></datafield><datafield ind1=" " ind2=" " tag="042"><subfield code="a">msc</subfield></datafield><datafield ind1=" " ind2=" " tag="043"><subfield code="a">n-us-ks</subfield></datafield><datafield ind1="0" ind2="4" tag="245"><subfield code="a">The Dodge City journal.</subfield></datafield><datafield ind1=" " ind2=" " tag="260"><subfield code="a">Dodge City, Kan. :</subfield><subfield code="b">Harvey Eckert,</subfield><subfield code="c">1919-1948.</subfield></datafield><datafield ind1=" " ind2=" " tag="300"><subfield code="a">v. ;</subfield><subfield code="c">38-55 cm.</subfield></datafield><datafield ind1=" " ind2=" " tag="310"><subfield code="a">Weekly</subfield></datafield><datafield ind1="0" ind2=" " tag="362"><subfield code="a">Vol. 39 no. 3 (Jan. 17, 1919)-v. 68, no. 53 (Dec. 30, 1948).</subfield></datafield><datafield ind1=" " ind2=" " tag="500"><subfield code="a">Publisher varies.</subfield></datafield><datafield ind1=" " ind2=" " tag="521"><subfield code="a">"The farmer's paper," May 23, 1946-Dec. 30, 1948.</subfield></datafield><datafield ind1=" " ind2="0" tag="651"><subfield code="a">Dodge City (Kan.)</subfield><subfield code="v">Newspapers.</subfield></datafield><datafield ind1=" " ind2="0" tag="651"><subfield code="a">Ford County (Kan.)</subfield><subfield code="v">Newspapers.</subfield></datafield><datafield ind1=" " ind2="7" tag="655"><subfield code="a">Newspapers.</subfield><subfield code="2">fast</subfield><subfield code="0">(OCoLC)fst01423814</subfield></datafield><datafield ind1=" " ind2="7" tag="651"><subfield code="a">Kansas</subfield><subfield code="z">Dodge City.</subfield><subfield code="2">fast</subfield><subfield code="0">(OCoLC)fst01217318</subfield></datafield><datafield ind1=" " ind2="7" tag="651"><subfield code="a">Kansas</subfield><subfield code="z">Ford County.</subfield><subfield code="2">fast</subfield><subfield code="0">(OCoLC)fst01218094</subfield></datafield><datafield ind1=" " ind2=" " tag="752"><subfield code="a">United States</subfield><subfield code="b">Kansas</subfield><subfield code="c">Ford</subfield><subfield code="d">Dodge City.</subfield></datafield><datafield ind1="0" ind2="0" tag="780"><subfield code="t">Dodge City daily journal</subfield><subfield code="w">(DLC)sn 84029861</subfield></datafield><datafield ind1="0" ind2="5" tag="780"><subfield code="t">Southwest news (Dodge City, Kan.)</subfield><subfield code="g">Feb. 3, 1927</subfield><subfield code="w">(DLC)sn 84029806</subfield></datafield><datafield ind1="0" ind2="0" tag="785"><subfield code="t">High Plains journal</subfield><subfield code="w">(OCoLC)4094557</subfield></datafield></record>